<?xml version="1.0" encoding="UTF-8"?><record xmlns="http://www.loc.gov/MARC21/slim" xmlns:cinclude="http://apache.org/cocoon/include/1.0" xmlns:zs="http://www.loc.gov/zing/srw/">
  <leader>00538nz  a2200133n  4500</leader>
  <controlfield tag="001">no2008000601</controlfield>
  <controlfield tag="003">DLC</controlfield>
  <controlfield tag="005">20080105075054.0</controlfield>
  <controlfield tag="008">080102n| acannaabn          |n aaa     c</controlfield>
  <datafield tag="010" ind1=" " ind2=" ">
    <subfield code="a">no2008000601</subfield>
  </datafield>
  <datafield tag="035" ind1=" " ind2=" ">
    <subfield code="a">(OCoLC)oca07618213</subfield>
  </datafield>
  <datafield tag="040" ind1=" " ind2=" ">
    <subfield code="a">NjBlaOCU</subfield>
    <subfield code="b">eng</subfield>
    <subfield code="c">NjBlaOCU</subfield>
  </datafield>
  <datafield tag="100" ind1="1" ind2=" ">
    <subfield code="a">Falen, Cynthia S.</subfield>
  </datafield>
  <datafield tag="670" ind1=" " ind2=" ">
    <subfield code="a">Learning to code with ICD-9-CM for health information management and health services administration, c2008:</subfield>
    <subfield code="b">t.p. (Cynthia S. Falen, R.H.I.T., C.C.S., Coding Compliance Consultant, Medical Audit Resource Services, Inc., Tavares, Fla.)</subfield>
  </datafield>
</record>